<record><leader>00000cas a2200000Ma 4500</leader><controlfield tag="001">191325193</controlfield><controlfield tag="008">830411d184u1847gaudn ne      0    0eng  </controlfield><datafield ind1=" " ind2=" " tag="010"><subfield code="a">sn 83016092 </subfield></datafield><datafield ind1=" " ind2=" " tag="040"><subfield code="a">DLC</subfield><subfield code="b">eng</subfield><subfield code="c">AQM</subfield><subfield code="d">OCLCQ</subfield></datafield><datafield ind1="0" ind2=" " tag="130"><subfield code="a">Daily Georgian (Savannah, Ga. : 1843)</subfield></datafield><datafield ind1="1" ind2="4" tag="245"><subfield code="a">The daily Georgian.</subfield></datafield><datafield ind1=" " ind2=" " tag="260"><subfield code="a">Savannah, Ga. :</subfield><subfield code="b">W.H. Bulloch,</subfield><subfield code="c">-1847.</subfield></datafield><datafield ind1=" " ind2=" " tag="300"><subfield code="a">v. ;</subfield><subfield code="c">68 cm.</subfield></datafield><datafield ind1=" " ind2=" " tag="310"><subfield code="a">Daily (except Sun.)</subfield></datafield><datafield ind1="0" ind2=" " tag="362"><subfield code="a">-Oct. 16, 1847.</subfield></datafield><datafield ind1=" " ind2=" " tag="500"><subfield code="a">Published weekly and triweekly eds. (titles unknown).</subfield></datafield><datafield ind1=" " ind2=" " tag="588"><subfield code="a">Description based on: Vol. 25, no. 37 (Feb. 14, 1843).</subfield></datafield><datafield ind1=" " ind2="7" tag="655"><subfield code="a">Newspapers.</subfield><subfield code="2">rbgenr</subfield></datafield><datafield ind1=" " ind2=" " tag="752"><subfield code="a">United States</subfield><subfield code="b">Georgia</subfield><subfield code="c">Chatham</subfield><subfield code="d">Savannah.</subfield></datafield><datafield ind1="0" ind2="0" tag="780"><subfield code="t">Georgian (Savannah, Ga. : 1841)</subfield><subfield code="w">(DLC)sn 83016091</subfield></datafield><datafield ind1="0" ind2="0" tag="785"><subfield code="t">Savannah Georgian (Savannah, Ga. : 1847)</subfield><subfield code="w">(DLC)sn 83016085</subfield></datafield></record>